<?xml version="1.0" encoding="UTF-8"?><collection xmlns="http://www.loc.gov/MARC21/slim"><record><leader>00594nam--2200193-u-4500</leader><controlfield tag="001">000053390</controlfield><controlfield tag="002">20161230</controlfield><controlfield tag="005">20161230201051</controlfield><controlfield tag="008">110323s1000------------r-----000-0-eng-d</controlfield><datafield ind1=" " ind2=" " tag="020"><subfield code="a">1860942741</subfield></datafield><datafield ind1=" " ind2=" " tag="040"><subfield code="a">IFIN-HH</subfield></datafield><datafield ind1=" " ind2=" " tag="080"><subfield code="a">531.261:530.14:531.01</subfield></datafield><datafield ind1="1" ind2=" " tag="100"><subfield code="a">Gosson, M.A. De</subfield></datafield><datafield ind1="1" ind2="0" tag="245"><subfield code="a">The principles of newtonian and quantum mechanics;</subfield><subfield code="b">THE NEED FOR PLANCK'S CONSTANT, h ; FOREWORD BY BASIL HILEY</subfield><subfield code="c">M.a. de gosson</subfield></datafield><datafield ind1=" " ind2=" " tag="260"><subfield code="a">London</subfield><subfield code="b">Imperial College Press</subfield><subfield code="c">2001</subfield></datafield><datafield ind1=" " ind2=" " tag="300"><subfield code="a">357P</subfield></datafield><datafield ind1=" " ind2="4" tag="650"><subfield code="a">Geometric Quantization</subfield></datafield><datafield ind1=" " ind2=" " tag="852"><subfield code="a">81704</subfield><subfield code="c">530.1</subfield></datafield><datafield ind1=" " ind2=" " tag="CAT"><subfield code="a">Sys</subfield><subfield code="c">20110323</subfield><subfield code="h">150155</subfield></datafield></record></collection>